@misc{p5js, title={p5.js}, url={https://p5js.org/}, year={2024}, month={Dec}} 

@article{penrose, author = {Ye, Katherine and Ni, Wode and Krieger, Max and Ma'ayan, Dor and Wise, Jenna and Aldrich, Jonathan and Sunshine, Joshua and Crane, Keenan}, title = {Penrose: from mathematical notation to beautiful diagrams}, year = {2020}, issue_date = {August 2020}, publisher = {Association for Computing Machinery}, address = {New York, NY, USA}, volume = {39}, number = {4}, issn = {0730-0301}, url = {https://doi.org/10.1145/3386569.3392375}, doi = {10.1145/3386569.3392375}, journal = {ACM Trans. Graph.}, month = aug, articleno = {144}, numpages = {16}, keywords = {mathematical diagrams}}